<?xml version="1.0" encoding="UTF-8"?><collection xmlns="http://www.loc.gov/MARC21/slim"><record><leader>00494nam--2200157-i-4500</leader><controlfield tag="001">000000251</controlfield><controlfield tag="002">20161230</controlfield><controlfield tag="005">20161230201023</controlfield><controlfield tag="008">060222s1000------------r-----000-0-eng-d</controlfield><datafield ind1=" " ind2=" " tag="100"><subfield code="a">Langer, Rudolph E. (Ed)</subfield></datafield><datafield ind1=" " ind2=" " tag="245"><subfield code="a">Frontiers of numerical mathematics.a symposium conducted by the mathematics research center, madison, oct.30-31, 1959</subfield></datafield><datafield ind1=" " ind2=" " tag="260"><subfield code="a">Madison, University Of Wisconsin Press, 1960</subfield></datafield><datafield ind1=" " ind2=" " tag="300"><subfield code="a">132 p</subfield></datafield><datafield ind1=" " ind2=" " tag="700"><subfield code="a">Langer, R.E</subfield></datafield><datafield ind1=" " ind2=" " tag="852"><subfield code="a">17662</subfield></datafield><datafield ind1=" " ind2=" " tag="CAT"><subfield code="a">Sys</subfield><subfield code="c">20080407</subfield><subfield code="h">113456</subfield></datafield></record></collection>